<?xml version="1.0" encoding="UTF-8"?><collection xmlns="http://www.loc.gov/MARC21/slim"><record><leader>00394nam--2200133-i-4500</leader><controlfield tag="001">000011680</controlfield><controlfield tag="002">20161230</controlfield><controlfield tag="005">20161230201029</controlfield><controlfield tag="008">060222s1000------------r-----000-0-eng-d</controlfield><datafield ind1=" " ind2=" " tag="100"><subfield code="a">Cervenka, Peter Otto</subfield></datafield><datafield ind1=" " ind2=" " tag="245"><subfield code="a">Light scattering studies in ferroelectric crys tals</subfield></datafield><datafield ind1=" " ind2=" " tag="260"><subfield code="a">Ann Arbor, Michigan, University Microfilms A Xerox Company, 1974</subfield></datafield><datafield ind1=" " ind2=" " tag="490"><subfield code="a">Xii + 106 P</subfield></datafield><datafield ind1=" " ind2=" " tag="852"><subfield code="a">537.622.4(043)</subfield></datafield></record></collection>